<record><leader>00000cas a22000007a 4500</leader><controlfield tag="001">13336779</controlfield><controlfield tag="008">860324d1920192umtudn ne      0    0eng d</controlfield><datafield ind1=" " ind2=" " tag="010"><subfield code="a">sn 86075084 </subfield></datafield><datafield ind1=" " ind2=" " tag="040"><subfield code="a">MTL</subfield><subfield code="b">eng</subfield><subfield code="c">MTL</subfield><subfield code="d">OCLCQ</subfield></datafield><datafield ind1=" " ind2=" " tag="042"><subfield code="a">msc</subfield></datafield><datafield ind1="0" ind2=" " tag="130"><subfield code="a">New Northwest (Missoula, Mont. : Daily : 1920)</subfield></datafield><datafield ind1="1" ind2="4" tag="245"><subfield code="a">The New Northwest.</subfield></datafield><datafield ind1=" " ind2=" " tag="260"><subfield code="a">Missoula, Mont. :</subfield><subfield code="b">E.B. Craighead,</subfield><subfield code="c">1920-</subfield></datafield><datafield ind1=" " ind2=" " tag="300"><subfield code="a">v. :</subfield><subfield code="b">ill. ;</subfield><subfield code="c">55 cm.</subfield></datafield><datafield ind1=" " ind2=" " tag="310"><subfield code="a">Daily (except Sun.)</subfield></datafield><datafield ind1="0" ind2=" " tag="362"><subfield code="a">Vol. 5, no. 26 (Feb 13, 1920)-</subfield></datafield><datafield ind1=" " ind2=" " tag="500"><subfield code="a">Friday edition, Feb. 13, 1920-&lt;Dec. 31, 1920&gt;, published in combined issue with the weekly New Northwest.</subfield></datafield><datafield ind1=" " ind2=" " tag="752"><subfield code="a">United States</subfield><subfield code="b">Montana</subfield><subfield code="c">Missoula</subfield><subfield code="d">Missoula.</subfield></datafield><datafield ind1="0" ind2=" " tag="775"><subfield code="t">New Northwest (Missoula, Mont. : Weekly : 1915)</subfield><subfield code="g">Feb. 13, 1920-&lt;Dec. 31, 1920&gt;</subfield><subfield code="w">(DLC)sn 84024793</subfield></datafield><datafield ind1="1" ind2=" " tag="029"><subfield code="a">AU@</subfield><subfield code="b">000025801758</subfield></datafield></record>